@book{TEXTBOOK1,
  author = "M. de Berg and M. van Kreveld and M. Overmars and O. Schwarzkopf",
  title = "Computational Geometry- Algorithms and Applications",
  publisher = "Springer Verlag",
  address =	"Berlin, Germany",
  year = 2000
}

@book{CAD1,
  author = "Narayan, K. Lalit",
  title = "Computer Aided Design and Manufacturing",
  publisher = "Prentice Hall of India",
  address = "New Delhi, India",
  year = 2008
}

@book{CAM1,
  title = "Computerized Manufacturing Automation : Employment, Education, and the Workplace.",
  author = "United States, O.T.A.C.",
  isbn = "9781428923645",
  url = "http://books.google.com/books?id=LYdF5akRL6sC",
  publisher = "DIANE Publishing",
  address = "Washington, DC, U.S.",
  year = 1984
}

@book{CAM2,
  title = "Organizational Change and Innovation: Psychological Perspectives and Practices in Europe",
  author = "Hosking, D.M. and Anderson, N.",
  isbn = "9780415063142",
  lccn = "lc91037211",
  url = "http://books.google.com/books?id=TbwOAAAAQAAJ",
  year = "1992",
  address = "London, UK",
  publisher = "Routledge"
}

@book{CAM3,
  title = "A Dictionary of Computing",
  author = "Daintith, J.",
  isbn = "9780198608776",
  lccn = "2004276619",
  series = "Oxford Paperback Reference",
  url = "http://books.google.com/books?id=Hay6vTsGFAsC",
  year = "2005",
  publisher = "Oxford University Press",
  address = "United Kingdom"
}

@book{CAM4,
  title = "The CRC Handbook of Mechanical Engineering",
  author = "Kreith, F.",
  isbn = "9780849394188",
  lccn = "97030197",
  series = "The Mechanical Engineering Handbook Series",
  url = "http://books.google.com/books?id=OpD226SXKisC",
  year = "1998",
  address = "Florida, U.S.",
  publisher = "CRC Press"
}

@book{CAM5,
  title = "Aeronautical Engineer's Data Book",
  author = "Matthews, C.",
  isbn = "9780750651257",
  lccn = "2001037429",
  series = "Referex Engineering",
  url = "http://books.google.com/books?id=BS7yyBKOR7AC",
  year = "2001",
  address = "Netherlands, Amsterdam",
  publisher = "Elsevier Science"
}

@book{Stol,
  author = "H G Mairson and J Stolfi",
  title = "Reporting and Counting Intersections Between Two Sets of Line Segments",
  publisher = "Springer-Verlag",
  address =	"Berlin, West Germany",
  year = 1988
}

@techreport{TaskForeReport,
  author = "Nikos Drakos",
  title = "Application Challenges to Computational Geometry",
  number = 284,
  institution = "University of Leeds",
  address = "West Yorkshire, UK",
  year = 1993
}

@inbook{Delanuay,
  author = "Boris Delaunay",
  title = "Sur La Sphère Vide",
  publisher = "Izvestia Akademii Nauk SSSR, Otdelenie Matematicheskikh i Estestvennykh Nauk",
  volume = 7,
  pages = "793-800",
  address = "Slovak Republic, Europe",
  year = 1934
}

@inbook{TEXTBOOK,
  author = "M. de Berg and M. van Kreveld and M. Overmars and O. Schwarzkopf",
  title = "Computational Geometry- Algorithms and Applications",
  chapter = 2,
  pages = "19-29",
  publisher = "Springer Verlag",
  address = "Berlin, Germany",
  year = 2000
}

@inbook{MachineLearning,
  author = "Tom M. Mitchell",
  title = "Machine Learning",
  publisher = "McGraw-Hill",
  year = 1997,
  pages = "233-234",
  address = "New York, U.S.",
  ISBN = "0-07-042807-7"
}

@inbook{BST,
  author = "Gilberg, R and Forouzan, B.",
  title = "Data Structures: A Pseudocode Approach With C++",
  publisher = "Brooks and Cole",
  address = "Pacific Grove, CA",
  year = 2001,
  pages = "339-340",
  ISBN = "0-534-95216-X"
}

@inbook{AVL,
  author = "Adelson-Velskii, G and E. M. Landis",
  title = "An Algorithm for the Organization of Information",
  publisher = "Proceedings of the USSR Academy of Sciences",
  pages = "263-266",
  address = "Russia",
  year = 1962
}

@inbook{FeatureAccessThinningAlgo,
  author = "Fu Chang, Ya-Ching Lu and Theo Pavlidis",
  title = "Feature Analysis Using Line Sweep Thinning Algorithm",
  volume = 21,
  publisher = "IEEE Computer Society",
  address = "Washington, DC, U.S.",
  pages = "145-158",
  year = 1999
}

@inbook{InterconnectTesting,
  author = "Jose Salinas and Yinan Shen and Fabrizio Lombardi",
  title = "A Sweeping Line Approach to Interconnect Testing",
  publisher = "IEEE Computer Society",
  address = "Washington, DC, U.S.",
  pages = "917-929",
  year = 1996
}

@inbook{Chazelle,
  author = "Bernard Chazelle",
  title = "Discrete and Computational Geometry - Triangulating a Simple Polygon in Linear Time",
  publisher = "Springer Verlag",
  address =	"New York, U.S.",
  year = 1991
}

@Misc{CAD,
  author = "Vijay Duggal",
  title = "A General Guide to Computer Aided Design \& Drafting - CADD, CAD",
  howpublished = "CADD Primer, http://www.caddprimer.com, accessed Aug. 2012",
  year = "n.d."
}

@Misc{esriDef,
  author = "ESRI",
  title = "What is GIS? Overview",
  howpublished = "ESRI Understanding Our World, http://www.esri.com/what{-}is{-}gis/overview.html, accessed Aug. 2012",
  year = "n.d."
}

@Misc{Voronoi,
  author = "Weisstein, Eric W",
  title = "Voronoi Diagram",
  howpublished = "From MathWorld, http://mathworld.wolfram.com/VoronoiDiagram.html, accessed Aug. 2012",
  year = "n.d."
}

@Misc{DelanuayWiki,
  author = "Wikipedia",
  title = "Delaunay Triangulation - {W}ikipedia{,} The Free Encyclopedia",
  howpublished = "Delaunay triangulation, http://en.wikipedia.org/wiki/Delaunay\_triangulation, accessed Aug. 2012",
  year = "n.d."
}

@Misc{BentleyOttmann,
  author = "Wikipedia",
  title = "Bentley–Ottmann Algorithm - {W}ikipedia{,} The Free Encyclopedia",
  howpublished = "Algorithms for reporting and counting geometric intersections, http://en.wikipedia.org/wiki/Delaunay\_triangulation, accessed Aug. 2012",
  year = "n.d."
}

@Misc{SpannigTree,
  author = "Wikipedia",
  title = "Euclidean Minimum Spanning Tree - {W}ikipedia{,} The Free Encyclopedia",
  howpublished = "Euclidean minimum spanning tree, http://en.wikipedia.org/wiki/Euclidean\_minimum\_spanning\_tree, accessed Aug. 2012",
  year = "n.d."
}

@Misc{RuppertAlgo,
  author = "Wikipedia",
  title = "Ruppert's Algorithm - {W}ikipedia{,} The Free Encyclopedia",
  howpublished = "Ruppert27s algorithm, http://en.wikipedia.org/wiki/Ruppert27s\_algorithm, accessed Aug. 2012",
  year = "n.d."
}

@Misc{DTFE,
  author = "Wikipedia",
  title = "Delaunay Tessellation Field Estimator - {W}ikipedia{,} The Free Encyclopedia",
  howpublished = "Delaunay tessellation field estimator, http://en.wikipedia.org/wiki/Delaunay\_tessellation\_field\_estimator, accessed Aug. 2012",
  year = "n.d."
}

@Misc{SOFTSURFER,
  author = "Softsurfer",
  key = "Softsurfer",
  title = "SoftSurfer",
  howpublished = "Geometry Algorithms, http://www.softsurfer.com/overview.htm, accessed Aug. 2012",
  year = "n.d."
}

@Misc{STRATEGICDIRCG,
  author = "Pankaj K. Agarwal and Nancy Amato",
  title = "Strategic Directions in Computational Geometry Working Group Report",
  howpublished = "Brown Computer Science, http://www.cs.brown.edu/people/rt/sdcr/report/report.html, accessed Aug. 2012",
  year = "n.d."
}

@Misc{CGAL,
  author = "CGAL",
  key = "Cgal",
  title = "Computational Geometry Algorithms Library",
  howpublished = "CGAL homepage, http://www.cgal.org/, accessed Aug. 2012",
  year = "n.d."
}

@Misc{HUNGARIAN,
  author = "Charles Simonyi",
  title = "Hungarian Notation",
  howpublished = "MSDN, http://msdn.microsoft.com/en-us/library/aa260976(v=vs.60).aspx, accessed Aug. 2012",
  year = "n.d."
}

@Misc{BSTWIKI,
  author = "Wikipedia",
  title = "Binary Search Tree - {W}ikipedia{,} The Free Encyclopedia",
  howpublished = "Binary Search Tree, http://en.wikipedia.org/wiki/Binary\_search\_tree, accessed Aug. 2012",
  year = "n.d."
}

@Misc{ROBOT,
  author = "ImagesSI",
  key = "ROBOT",
  title = "Robotic Arm Kit",
  howpublished = "Images Scientific Instruments, http://www.imagesco.com/kits/robotic-arm.html, accessed Aug. 2012",
  year = "n.d."
}

@Misc{MAP,
  author = "ESRI",
  key = "MAP",
  title = "ArcGIS Online",
  howpublished = "ArcGIS, http://www.arcgis.com, accessed Aug. 2012",
  year = "n.d."
}

@Misc{TREEROTWIKI,
  author = "Wikipedia",
  title = "Tree Balancing - {W}ikipedia{,} The Free Encyclopedia",
  howpublished = "Tree Rebalancing, http://en.wikipedia.org/wiki/File:Tree Rebalancing.gif, accessed Aug. 2012",
  year = "n.d."
}
